<record><leader>00000cas a22000007a 4500</leader><controlfield tag="001">15528248</controlfield><controlfield tag="008">870414d19841988nmuer ne      0    0eng d</controlfield><datafield ind1=" " ind2=" " tag="010"><subfield code="a">sn 87090108 </subfield></datafield><datafield ind1=" " ind2=" " tag="040"><subfield code="a">PPM</subfield><subfield code="b">eng</subfield><subfield code="c">PPM</subfield><subfield code="d">NVM</subfield><subfield code="d">OCLCQ</subfield></datafield><datafield ind1=" " ind2=" " tag="042"><subfield code="a">msc</subfield></datafield><datafield ind1=" " ind2=" " tag="043"><subfield code="a">n-us-nm</subfield><subfield code="a">n-us-tx</subfield></datafield><datafield ind1="0" ind2="0" tag="245"><subfield code="a">Mesilla Valley perspective.</subfield></datafield><datafield ind1=" " ind2=" " tag="260"><subfield code="a">Anthony, N.M.-Tex. :</subfield><subfield code="b">Mary Ann Brown</subfield></datafield><datafield ind1=" " ind2=" " tag="300"><subfield code="a">v.</subfield></datafield><datafield ind1=" " ind2=" " tag="310"><subfield code="a">Biweekly</subfield></datafield><datafield ind1="1" ind2=" " tag="362"><subfield code="a">Began in Aug. 1984; ceased in Dec. 1988.</subfield></datafield><datafield ind1=" " ind2=" " tag="588"><subfield code="a">Description based on: Vol. 1, no. 15 (Apr. 10, 1985).</subfield></datafield><datafield ind1=" " ind2="0" tag="650"><subfield code="a">Anthony (N.M.)</subfield><subfield code="v">Newspapers.</subfield></datafield><datafield ind1=" " ind2="0" tag="650"><subfield code="a">Anthony (Tex.)</subfield><subfield code="v">Newspapers.</subfield></datafield><datafield ind1=" " ind2="0" tag="650"><subfield code="a">Don&#771;a County (N.M.)</subfield><subfield code="v">Newspapers.</subfield></datafield><datafield ind1=" " ind2="0" tag="650"><subfield code="a">El Paso County (Tex.)</subfield><subfield code="v">Newspapers.</subfield></datafield><datafield ind1=" " ind2=" " tag="752"><subfield code="a">United States</subfield><subfield code="b">Texas</subfield><subfield code="c">El Paso</subfield><subfield code="d">Anthony.</subfield></datafield><datafield ind1=" " ind2=" " tag="752"><subfield code="a">United States</subfield><subfield code="b">New Mexico</subfield><subfield code="c">Don&#771;a Ana</subfield><subfield code="d">Anthony.</subfield></datafield><datafield ind1="0" ind2="0" tag="785"><subfield code="t">Perspective (Anthony, N.M.)</subfield><subfield code="w">(DLC)sn 94056989</subfield></datafield><datafield ind1="1" ind2=" " tag="029"><subfield code="a">AU@</subfield><subfield code="b">000025821564</subfield></datafield></record>